<?xml version="1.0" encoding="UTF-8"?><collection xmlns="http://www.loc.gov/MARC21/slim"><record><leader>00339nam--2200133-i-4500</leader><controlfield tag="001">000028234</controlfield><controlfield tag="002">20161230</controlfield><controlfield tag="005">20161230201037</controlfield><controlfield tag="008">060222s1000------------r-----000-0-eng-d</controlfield><datafield ind1=" " ind2=" " tag="080"><subfield code="a">531.19</subfield></datafield><datafield ind1=" " ind2=" " tag="100"><subfield code="a">Kittel, C</subfield></datafield><datafield ind1=" " ind2=" " tag="245"><subfield code="a">Elements de physique statistique. traduit par a. despres</subfield></datafield><datafield ind1=" " ind2=" " tag="260"><subfield code="a">Paris, Dunod, 1961. Viii+240p</subfield></datafield><datafield ind1=" " ind2=" " tag="852"><subfield code="a">77357</subfield></datafield></record></collection>